@misc{Djangoproject,
	key = {Djangoproject},
	title = {{Django: The web framework for perfectionists with deadlines }},
	howpublished = {\url{https://www.djangoproject.com}},
}

@misc{MVT_Design,
	key = {MVT_Design},
	title = {{How Django's MVT Architecture Works: A Deep Dive into Models, Views, and Templates}},
	howpublished = {\url{https://www.freecodecamp.org/news/how-django-mvt-architecture-works/}},
}
